101 02100002112345678902603111410A094101JPMORGAN CHASE         ACME CORP                      
5200ACME CORP                           1234567890PPDPAYROLL         260312   1021000020000001
627062001186       99100170030000051440               DORIS PATTERSON         0021000020000001
627061000104       11100090040000085188               STEPHANIE EVANS         0021000020000002
627026009593       88310020010000099120               BARBARA WILSON          0021000020000003
632042000314       44300100040000087850               RAYMOND MORRIS          0021000020000004
622062001186       99100170040000040711               RAYMOND HUGHES          0021000020000005
627056073502       99800080030000097003               KATHLEEN PEREZ          0021000020000006
622062000019       88900120030000052831               GERALD COOPER           0021000020000007
637061000104       11100090010000062783               PETER PHILLIPS          0021000020000008
627322070381       66400180050000076744               BOBBY GONZALES          0021000020000009
622084000026       22100160040000077931               MARILYN JENKINS         0021000020000010
627121042882       66100030020000068527               SARAH MARTIN            0021000020000011
622021000089       33400040020000079535               DANIEL CLARK            0021000020000012
637044000024       33200130050000024353               VIRGINIA GRAY           0021000020000013
622041001039       66700110020000058176               WAYNE COOK              0021000020000014
627042000314       44300100030000057400               BRENDA SANCHEZ          0021000020000015
622043000096       55500060030000027512               CAROL LOPEZ             0021000020000016
622026009593       88310020020000022691               RICHARD MOORE           0021000020000017
637021000089       33400040030000088094               NANCY RODRIGUEZ         0021000020000018
637062000019       88900120010000047177               FRED BAILEY             0021000020000019
622044000024       33200130040000058265               BOBBY PETERSON          0021000020000020
622092905278       77800200040000034799               VIRGINIA HAMILTON       0021000020000021
622041001039       66700110050000042922               JUDITH MURPHY           0021000020000022
627021000089       33400040040000070208               MARK LEWIS              0021000020000023
632021000021       45200010030000076162               ROBERT JOHNSON          0021000020000024
637044000024       33200130030000015210               CHERYL TORRES           0021000020000025
622092905278       77800200030000094013               RALPH FORD              0021000020000026
627091000022       77200050030000066183               GEORGE ALLEN            0021000020000027
627042000314       44300100040000074817               RAYMOND MORRIS          0021000020000028
632062000019       88900120040000094284               AMANDA RICHARDSON       0021000020000029
622011500010       77500140040000064242               SHIRLEY BROOKS          0021000020000030
627061000104       11100090040000010618               STEPHANIE EVANS         0021000020000031
622272471548       44500190010000057781               MILDRED BRYANT          0021000020000032
622092905278       77800200020000094097               VIRGINIA MYERS          0021000020000033
627061000104       11100090050000018224               WALTER EDWARDS          0021000020000034
622042000314       44300100020000013080               JONATHAN STEWART        0021000020000035
820000003502351899840000010130890000010768821234567890                         021000020000001
9000001000004000000350235189984000001013089000001076882                                       
9999999999999999999999999999999999999999999999999999999999999999999999999999999999999999999999
