101 02100002112345678902603111359A094101JPMORGAN CHASE         ACME CORP                      
5200ACME CORP                           1234567890PPDPAYROLL         260312   1021000020000001
622042000314       44300100030000050260               BRENDA SANCHEZ          0021000020000001
637056073502       99800080010000085854               DEBORAH CARTER          0021000020000002
622021000089       33400040020000062204               DANIEL CLARK            0021000020000003
637062001186       99100170050000056200               VIRGINIA FLORES         0021000020000004
622011500010       77500140030000073452               RUSSELL WATSON          0021000020000005
632031101266       22000070010000036333               LARRY GREEN             0021000020000006
632062000019       88900120030000050836               GERALD COOPER           0021000020000007
637091000022       77200050030000086802               GEORGE ALLEN            0021000020000008
622092905278       77800200020000099936               VIRGINIA MYERS          0021000020000009
622062001186       99100170020000061296               SEAN LONG               0021000020000010
622043000096       55500060020000098730               DONALD WRIGHT           0021000020000011
627091000022       77200050030000078880               GEORGE ALLEN            0021000020000012
632011500010       77500140040000072080               SHIRLEY BROOKS          0021000020000013
637021000089       33400040020000098827               DANIEL CLARK            0021000020000014
622121042882       66100030010000046645               THOMAS HARRIS           0021000020000015
627062001186       99100170030000042684               DORIS PATTERSON         0021000020000016
632062000019       88900120040000050650               AMANDA RICHARDSON       0021000020000017
622056073502       99800080010000070260               DEBORAH CARTER          0021000020000018
637042000314       44300100020000030683               JONATHAN STEWART        0021000020000019
622041001039       66700110040000035532               ARTHUR BELL             0021000020000020
622092905278       77800200030000095200               RALPH FORD              0021000020000021
622062001186       99100170050000061446               VIRGINIA FLORES         0021000020000022
627061000104       11100090020000083408               ANGELA CAMPBELL         0021000020000023
627062000019       88900120050000055122               ALAN COX                0021000020000024
637026009593       88310020020000022422               RICHARD MOORE           0021000020000025
637084000026       22100160030000097153               TERRY COLEMAN           0021000020000026
622092905278       77800200040000017626               VIRGINIA HAMILTON       0021000020000027
622043000096       55500060030000059999               CAROL LOPEZ             0021000020000028
637026009593       88310020010000018595               BARBARA WILSON          0021000020000029
632322070381       66400180050000079517               BOBBY GONZALES          0021000020000030
632041001039       66700110030000075506               THERESA MORGAN          0021000020000031
622042000314       44300100040000066580               RAYMOND MORRIS          0021000020000032
627091000022       77200050050000054412               KENNETH HERNANDEZ       0021000020000033
627091000022       77200050040000058771               SANDRA YOUNG            0021000020000034
622272471548       44500190050000060392               LOUISE DIAZ             0021000020000035
632124003116       55600150050000053062               VIRGINIA BARNES         0021000020000036
622043000096       55500060040000099587               STEVEN HILL             0021000020000037
627044000024       33200130020000029222               CARL WARD               0021000020000038
632031101266       22000070050000054586               JASON NELSON            0021000020000039
622061000104       11100090050000027059               WALTER EDWARDS          0021000020000040
820000004002794680930000008990350000015587741234567890                         021000020000001
9000001000005000000400279468093000000899035000001558774                                       
9999999999999999999999999999999999999999999999999999999999999999999999999999999999999999999999
9999999999999999999999999999999999999999999999999999999999999999999999999999999999999999999999
9999999999999999999999999999999999999999999999999999999999999999999999999999999999999999999999
9999999999999999999999999999999999999999999999999999999999999999999999999999999999999999999999
9999999999999999999999999999999999999999999999999999999999999999999999999999999999999999999999
9999999999999999999999999999999999999999999999999999999999999999999999999999999999999999999999
