101 02100002112345678902603161409A094101JPMORGAN CHASE         ACME CORP                      
5200ACME CORP                           1234567890PPDPAYROLL         260317   1021000020000001
622121042882       66100030020000092536               SARAH MARTIN            0021000020000001
622061000104       11100090010000066722               PETER PHILLIPS          0021000020000002
627044000024       33200130040000079239               BOBBY PETERSON          0021000020000003
622062000019       88900120010000051057               FRED BAILEY             0021000020000004
627031101266       22000070020000035163               SHARON ADAMS            0021000020000005
627021000089       33400040050000034364               BETTY LEE               0021000020000006
622042000314       44300100040000091657               RAYMOND MORRIS          0021000020000007
622056073502       99800080040000031032               GARY ROBERTS            0021000020000008
627044000024       33200130010000097427               MILDRED HOWARD          0021000020000009
637041001039       66700110040000093312               ARTHUR BELL             0021000020000010
627084000026       22100160010000026673               JACK ROSS               0021000020000011
622091000022       77200050030000032392               GEORGE ALLEN            0021000020000012
632041001039       66700110050000033957               JUDITH MURPHY           0021000020000013
627056073502       99800080010000073021               DEBORAH CARTER          0021000020000014
622044000024       33200130010000015155               MILDRED HOWARD          0021000020000015
632091000022       77200050020000063166               DOROTHY HALL            0021000020000016
622011500010       77500140030000071665               RUSSELL WATSON          0021000020000017
622042000314       44300100020000016990               JONATHAN STEWART        0021000020000018
632272471548       44500190010000059576               MILDRED BRYANT          0021000020000019
627011500010       77500140030000019808               RUSSELL WATSON          0021000020000020
627011500010       77500140040000075192               SHIRLEY BROOKS          0021000020000021
622062001186       99100170050000022122               VIRGINIA FLORES         0021000020000022
632021000021       45200010030000018125               ROBERT JOHNSON          0021000020000023
627092905278       77800200010000049215               HENRY HAYES             0021000020000024
622021000089       33400040020000066887               DANIEL CLARK            0021000020000025
622026009593       88310020010000086889               BARBARA WILSON          0021000020000026
627322070381       66400180030000074660               EARL SIMMONS            0021000020000027
627062000019       88900120020000082134               VIRGINIA RIVERA         0021000020000028
637062001186       99100170020000055480               SEAN LONG               0021000020000029
622026009593       88310020030000075008               SUSAN TAYLOR            0021000020000030
622044000024       33200130040000086184               BOBBY PETERSON          0021000020000031
632091000022       77200050050000019928               KENNETH HERNANDEZ       0021000020000032
622026009593       88310020050000098127               JESSICA WHITE           0021000020000033
632026009593       88310020040000096961               JOSEPH JACKSON          0021000020000034
627043000096       55500060030000043267               CAROL LOPEZ             0021000020000035
622062001186       99100170050000059690               VIRGINIA FLORES         0021000020000036
632026009593       88310020050000048938               JESSICA WHITE           0021000020000037
622031101266       22000070050000034128               JASON NELSON            0021000020000038
622026009593       88310020050000012732               JESSICA WHITE           0021000020000039
632124003116       55600150030000090099               EVELYN BENNETT          0021000020000040
820000004002473407040000008389550000014417231234567890                         021000020000001
9000001000005000000400247340704000000838955000001441723                                       
9999999999999999999999999999999999999999999999999999999999999999999999999999999999999999999999
9999999999999999999999999999999999999999999999999999999999999999999999999999999999999999999999
9999999999999999999999999999999999999999999999999999999999999999999999999999999999999999999999
9999999999999999999999999999999999999999999999999999999999999999999999999999999999999999999999
9999999999999999999999999999999999999999999999999999999999999999999999999999999999999999999999
9999999999999999999999999999999999999999999999999999999999999999999999999999999999999999999999
