101 02100002112345678902603161407A094101JPMORGAN CHASE         ACME CORP                      
5200ACME CORP                           1234567890PPDPAYROLL         260317   1021000020000001
622056073502       99800080030000023665               KATHLEEN PEREZ          0021000020000001
632124003116       55600150040000040796               ROY WOOD                0021000020000002
632084000026       22100160050000089372               DENNIS PERRY            0021000020000003
622031101266       22000070050000075143               JASON NELSON            0021000020000004
637091000022       77200050040000034637               SANDRA YOUNG            0021000020000005
622031101266       22000070030000066257               EDWARD BAKER            0021000020000006
622062001186       99100170030000022116               DORIS PATTERSON         0021000020000007
622062000019       88900120020000092652               VIRGINIA RIVERA         0021000020000008
622121042882       66100030020000045056               SARAH MARTIN            0021000020000009
622061000104       11100090040000014920               STEPHANIE EVANS         0021000020000010
622062001186       99100170010000099071               REBECCA POWELL          0021000020000011
632021000021       45200010050000085620               WILLIAM DAVIS           0021000020000012
622091000022       77200050050000076185               KENNETH HERNANDEZ       0021000020000013
622092905278       77800200020000097270               VIRGINIA MYERS          0021000020000014
622272471548       44500190030000011512               VIRGINIA RUSSELL        0021000020000015
632043000096       55500060040000044348               STEVEN HILL             0021000020000016
622011500010       77500140040000034786               SHIRLEY BROOKS          0021000020000017
632043000096       55500060020000034142               DONALD WRIGHT           0021000020000018
637021000021       45200010040000012592               LINDA MARTINEZ          0021000020000019
622084000026       22100160020000072406               JULIA HENDERSON         0021000020000020
820000002001465201600000000472290000010253171234567890                         021000020000001
9000001000003000000200146520160000000047229000001025317                                       
9999999999999999999999999999999999999999999999999999999999999999999999999999999999999999999999
9999999999999999999999999999999999999999999999999999999999999999999999999999999999999999999999
9999999999999999999999999999999999999999999999999999999999999999999999999999999999999999999999
9999999999999999999999999999999999999999999999999999999999999999999999999999999999999999999999
9999999999999999999999999999999999999999999999999999999999999999999999999999999999999999999999
9999999999999999999999999999999999999999999999999999999999999999999999999999999999999999999999
