101 02100002112345678902603191027A094101JPMORGAN CHASE         ACME CORP                      
5200ACME CORP                           1234567890PPDPAYROLL         260320   1021000020000001
622044000024       33200130040000096422               BOBBY PETERSON          0021000020000001
622056073502       99800080030000038959               KATHLEEN PEREZ          0021000020000002
622021000021       45200010010000038432               JAMES ANDERSON          0021000020000003
637043000096       55500060020000080395               DONALD WRIGHT           0021000020000004
627062000019       88900120010000057309               FRED BAILEY             0021000020000005
622121042882       66100030030000079211               CHARLES THOMPSON        0021000020000006
622092905278       77800200020000057563               VIRGINIA MYERS          0021000020000007
627272471548       44500190040000045190               FRANK GRIFFIN           0021000020000008
622031101266       22000070030000072584               EDWARD BAKER            0021000020000009
622322070381       66400180040000066850               VIRGINIA FOSTER         0021000020000010
637044000024       33200130030000036164               CHERYL TORRES           0021000020000011
627084000026       22100160020000049867               JULIA HENDERSON         0021000020000012
622043000096       55500060040000095687               STEVEN HILL             0021000020000013
622124003116       55600150010000027031               JOAN SANDERS            0021000020000014
632011500010       77500140030000031393               RUSSELL WATSON          0021000020000015
637084000026       22100160040000099025               MARILYN JENKINS         0021000020000016
622061000104       11100090050000025620               WALTER EDWARDS          0021000020000017
637056073502       99800080010000052299               DEBORAH CARTER          0021000020000018
622043000096       55500060020000081124               DONALD WRIGHT           0021000020000019
632011500010       77500140020000069412               DIANE JAMES             0021000020000020
627044000024       33200130040000092579               BOBBY PETERSON          0021000020000021
820000002101671741960000005128280000007802881234567890                         021000020000001
9000001000003000000210167174196000000512828000000780288                                       
9999999999999999999999999999999999999999999999999999999999999999999999999999999999999999999999
9999999999999999999999999999999999999999999999999999999999999999999999999999999999999999999999
9999999999999999999999999999999999999999999999999999999999999999999999999999999999999999999999
9999999999999999999999999999999999999999999999999999999999999999999999999999999999999999999999
9999999999999999999999999999999999999999999999999999999999999999999999999999999999999999999999
