101 02100002112345678902603191032A094101JPMORGAN CHASE         ACME CORP                      
5200ACME CORP                           1234567890PPDPAYROLL         260320   1021000020000001
632272471548       44500190040000012327               FRANK GRIFFIN           0021000020000001
632056073502       99800080020000086328               RYAN MITCHELL           0021000020000002
622021000089       33400040010000065400               PATRICIA ROBINSON       0021000020000003
627062001186       99100170040000049048               RAYMOND HUGHES          0021000020000004
637043000096       55500060050000072149               RUTH SCOTT              0021000020000005
627043000096       55500060040000064214               STEVEN HILL             0021000020000006
637092905278       77800200030000050778               RALPH FORD              0021000020000007
622011500010       77500140040000033863               SHIRLEY BROOKS          0021000020000008
622121042882       66100030010000091281               THOMAS HARRIS           0021000020000009
637092905278       77800200050000075107               RUSSELL GRAHAM          0021000020000010
627031101266       22000070050000030397               JASON NELSON            0021000020000011
632041001039       66700110020000093797               WAYNE COOK              0021000020000012
627041001039       66700110040000071910               ARTHUR BELL             0021000020000013
622062000019       88900120040000052138               AMANDA RICHARDSON       0021000020000014
622121042882       66100030030000054157               CHARLES THOMPSON        0021000020000015
622062000019       88900120050000062689               ALAN COX                0021000020000016
637062000019       88900120020000067347               VIRGINIA RIVERA         0021000020000017
622042000314       44300100050000042571               VIRGINIA ROGERS         0021000020000018
627041001039       66700110020000049303               WAYNE COOK              0021000020000019
622062000019       88900120040000091757               AMANDA RICHARDSON       0021000020000020
622092905278       77800200030000039185               RALPH FORD              0021000020000021
622044000024       33200130020000062040               CARL WARD               0021000020000022
622322070381       66400180020000028717               GLORIA BUTLER           0021000020000023
637021000089       33400040040000042569               MARK LEWIS              0021000020000024
622091000022       77200050020000039372               DOROTHY HALL            0021000020000025
632026009593       88310020010000015550               BARBARA WILSON          0021000020000026
622272471548       44500190050000080253               LOUISE DIAZ             0021000020000027
632062000019       88900120010000076863               FRED BAILEY             0021000020000028
820000002802312504400000005728220000010282881234567890                         021000020000001
9000001000004000000280231250440000000572822000001028288                                       
9999999999999999999999999999999999999999999999999999999999999999999999999999999999999999999999
9999999999999999999999999999999999999999999999999999999999999999999999999999999999999999999999
9999999999999999999999999999999999999999999999999999999999999999999999999999999999999999999999
9999999999999999999999999999999999999999999999999999999999999999999999999999999999999999999999
9999999999999999999999999999999999999999999999999999999999999999999999999999999999999999999999
9999999999999999999999999999999999999999999999999999999999999999999999999999999999999999999999
9999999999999999999999999999999999999999999999999999999999999999999999999999999999999999999999
9999999999999999999999999999999999999999999999999999999999999999999999999999999999999999999999
